<collection xmlns="http://www.loc.gov/MARC21/slim">
<record>
  <leader>09623nam0a2201429 i 450 </leader>
  <controlfield tag="001">IT\ICCU\CNCE\009808</controlfield>
  <controlfield tag="005">20090422000000.0</controlfield>
  <datafield tag="012" ind1=" " ind2=" ">
    <subfield code="a">acum e-a- e-on cuti (3) 1595 (A)</subfield>
    <subfield code="2">fei</subfield>
    <subfield code="9">1</subfield>
  </datafield>
  <datafield tag="012" ind1=" " ind2=" ">
    <subfield code="a">t.s: e-e- s,o- clto (3) 1595 (R)</subfield>
    <subfield code="2">fei</subfield>
    <subfield code="9">2</subfield>
  </datafield>
  <datafield tag="100" ind1=" " ind2=" ">
    <subfield code="a">19970101d1595        0itac0103    ba</subfield>
  </datafield>
  <datafield tag="101" ind1=" " ind2=" ">
    <subfield code="a">LAT</subfield>
  </datafield>
  <datafield tag="102" ind1=" " ind2=" ">
    <subfield code="a">IT</subfield>
  </datafield>
  <datafield tag="200" ind1="1" ind2=" ">
    <subfield code="a">Compendium priuilegiorum fratrum minorum et aliorum mendicantium et non mendicantium. Ordine alphabetico congestum ab Alphonso de Casarubios Hispano secundo editum. Reformatum secundum decreta sacri Conc. Trid. ac aliorum summorum pontificum, qui a Clemente VII usque ad praesentem sanctissimum Clementem VIII fuere. Per r.p.f. Hieronymum a Sorbo praedicatorem Ordinis cappuccinorum. Qui etiam apposuit annotationes quasdam ualde notabiles r.p.f. Antonii de Corduba, una cum indice copiosissimo ...</subfield>
  </datafield>
  <datafield tag="210" ind1=" " ind2=" ">
    <subfield code="a">Neapoli</subfield>
    <subfield code="c">apud Io. Iacobum Carlinum et Antonium Pacem</subfield>
    <subfield code="d">1595</subfield>
    <subfield code="e">Neapoli</subfield>
    <subfield code="g">apud Io. Iacobum Carlinum</subfield>
    <subfield code="h">&amp; Antonium Pacem</subfield>
    <subfield code="h">1595</subfield>
  </datafield>
  <datafield tag="215" ind1=" " ind2=" ">
    <subfield code="a">2 v.</subfield>
    <subfield code="d">4ʻ</subfield>
  </datafield>
  <datafield tag="300" ind1=" " ind2=" ">
    <subfield code="a">2: Compendii priuilegiorum pars secunda. - Neapoli : ex typographia Stelliolae, ad Portam Regalem, 1595 (\Napoli! : ex officina Io. Thomae Aulisij, 1594). A p. 404 altro coloph.: Neapoli : ex typographia Stelliolae, ad Portam Regalem, 1595</subfield>
  </datafield>
  <datafield tag="620" ind1=" " ind2=" ">
    <subfield code="a">IT</subfield>
    <subfield code="d">Napoli</subfield>
  </datafield>
  <datafield tag="700" ind1=" " ind2="1">
    <subfield code="a">Casarubios,</subfield>
    <subfield code="b">Alfonso : de</subfield>
    <subfield code="3">IT\ICCU\CNCA\002723</subfield>
  </datafield>
  <datafield tag="702" ind1=" " ind2="0">
    <subfield code="a">Girolamo</subfield>
    <subfield code="c"> : da#Sorbo</subfield>
    <subfield code="3">IT\ICCU\CNCA\002232</subfield>
  </datafield>
  <datafield tag="702" ind1=" " ind2="1">
    <subfield code="a">Cordoba,</subfield>
    <subfield code="b">Antonio : de</subfield>
    <subfield code="3">IT\ICCU\CNCA\002233</subfield>
  </datafield>
  <datafield tag="712" ind1="0" ind2="0">
    <subfield code="a">Carlino, Giovanni Giacomo &amp; Pace, Antonio</subfield>
    <subfield code="3">IT\ICCU\CNCT\000320</subfield>
    <subfield code="4">650</subfield>
  </datafield>
  <datafield tag="712" ind1="0" ind2="0">
    <subfield code="a">Stigliola, Felice</subfield>
    <subfield code="3">IT\ICCU\CNCT\000606</subfield>
    <subfield code="4">650</subfield>
  </datafield>
  <datafield tag="712" ind1="0" ind2="0">
    <subfield code="a">Aulisio, Giovanni Tommaso</subfield>
    <subfield code="3">IT\ICCU\CNCT\000559</subfield>
    <subfield code="4">650</subfield>
  </datafield>
  <datafield tag="790" ind1=" " ind2="0">
    <subfield code="a">Alfonso</subfield>
    <subfield code="c"> : de#Casarrubios</subfield>
    <subfield code="3">IT\ICCU\CNCA\007566</subfield>
    <subfield code="z">Casarubios, Alfonso : de</subfield>
  </datafield>
  <datafield tag="790" ind1=" " ind2="1">
    <subfield code="a">De_Casarrubios,</subfield>
    <subfield code="b">Alphonsus</subfield>
    <subfield code="3">IT\ICCU\CNCA\013206</subfield>
    <subfield code="z">Casarubios, Alfonso : de</subfield>
  </datafield>
  <datafield tag="790" ind1=" " ind2="1">
    <subfield code="a">Stefani,</subfield>
    <subfield code="b">Girolamo</subfield>
    <subfield code="3">IT\ICCU\CNCA\019758</subfield>
    <subfield code="z">Girolamo : da#Sorbo</subfield>
  </datafield>
  <datafield tag="790" ind1=" " ind2="0">
    <subfield code="a">Hieronymus</subfield>
    <subfield code="c"> : a#Sorbo</subfield>
    <subfield code="3">IT\ICCU\CNCA\019759</subfield>
    <subfield code="z">Girolamo : da#Sorbo</subfield>
  </datafield>
  <datafield tag="790" ind1=" " ind2="1">
    <subfield code="a">Sorbo,</subfield>
    <subfield code="b">Hieronymus : a</subfield>
    <subfield code="3">IT\ICCU\CNCA\022302</subfield>
    <subfield code="z">Girolamo : da#Sorbo</subfield>
  </datafield>
  <datafield tag="790" ind1=" " ind2="0">
    <subfield code="a">Antonio</subfield>
    <subfield code="c"> : de#Cordoba</subfield>
    <subfield code="3">IT\ICCU\CNCA\007620</subfield>
    <subfield code="z">Cordoba, Antonio : de</subfield>
  </datafield>
  <datafield tag="791" ind1="0" ind2="2">
    <subfield code="a">℗a ℗Porta Regale</subfield>
    <subfield code="c"> &lt;1595-1600&gt;</subfield>
    <subfield code="3">IT\ICCU\CNCT\004105</subfield>
    <subfield code="z">Stigliola, Felice</subfield>
  </datafield>
  <datafield tag="791" ind1="0" ind2="2">
    <subfield code="a">Typographia Stelliolae</subfield>
    <subfield code="c"> &lt;1595-1600&gt;</subfield>
    <subfield code="3">IT\ICCU\CNCT\005745</subfield>
    <subfield code="z">Stigliola, Felice</subfield>
  </datafield>
  <datafield tag="791" ind1="0" ind2="2">
    <subfield code="a">Stamperia dello Stigliola</subfield>
    <subfield code="c"> &lt;1595-1600&gt;</subfield>
    <subfield code="3">IT\ICCU\CNCT\005748</subfield>
    <subfield code="z">Stigliola, Felice</subfield>
  </datafield>
  <datafield tag="791" ind1="0" ind2="0">
    <subfield code="a">Aulisius, Ioannes Thomas</subfield>
    <subfield code="3">IT\ICCU\CNCT\004267</subfield>
    <subfield code="z">Aulisio, Giovanni Tommaso</subfield>
  </datafield>
  <datafield tag="801" ind1=" " ind2="3">
    <subfield code="a">IT</subfield>
    <subfield code="b">ICCU</subfield>
    <subfield code="c">20201113</subfield>
  </datafield>
  <datafield tag="899" ind1=" " ind2=" ">
    <subfield code="a">Biblioteca comunale Tommaso Fazello. Sciacca</subfield>
    <subfield code="1">AG0042</subfield>
    <subfield code="2">AGR 23</subfield>
  </datafield>
  <datafield tag="899" ind1=" " ind2=" ">
    <subfield code="a">Biblioteca civica. Novi Ligure</subfield>
    <subfield code="1">AL0060</subfield>
    <subfield code="2">TO0 33</subfield>
  </datafield>
  <datafield tag="899" ind1=" " ind2=" ">
    <subfield code="a">Biblioteca del Convento dei Padri Cappuccini. Alessandria</subfield>
    <subfield code="z">MUTILO</subfield>
    <subfield code="1">AL0148</subfield>
    <subfield code="2">TO0 LQ</subfield>
  </datafield>
  <datafield tag="899" ind1=" " ind2=" ">
    <subfield code="a">Biblioteca centrale dei frati cappuccini delle Marche. Ancona</subfield>
    <subfield code="1">AN0007</subfield>
    <subfield code="2">ZAN 02</subfield>
  </datafield>
  <datafield tag="899" ind1=" " ind2=" ">
    <subfield code="a">Biblioteca comunale. Sassoferrato</subfield>
    <subfield code="1">AN0065</subfield>
    <subfield code="2">URB SV</subfield>
  </datafield>
  <datafield tag="899" ind1=" " ind2=" ">
    <subfield code="a">Biblioteca comunale Antonelliana. Senigallia</subfield>
    <subfield code="1">AN0069</subfield>
    <subfield code="2">URB BS</subfield>
  </datafield>
  <datafield tag="899" ind1=" " ind2=" ">
    <subfield code="a">Biblioteca comunale Planettiana. Jesi</subfield>
    <subfield code="1">AN0092</subfield>
    <subfield code="2">URB BC</subfield>
  </datafield>
  <datafield tag="899" ind1=" " ind2=" ">
    <subfield code="a">Biblioteca comunale Giulio Gabrielli. Ascoli Piceno</subfield>
    <subfield code="1">AP0006</subfield>
    <subfield code="2">UMC AP</subfield>
  </datafield>
  <datafield tag="899" ind1=" " ind2=" ">
    <subfield code="a">Biblioteca civica Romolo Spezioli. Fermo</subfield>
    <subfield code="1">AP0012</subfield>
    <subfield code="2">UMC FM</subfield>
  </datafield>
  <datafield tag="899" ind1=" " ind2=" ">
    <subfield code="a">Biblioteca del Convento di S. Giuliano. L&apos;Aquila</subfield>
    <subfield code="1">AQ0044</subfield>
    <subfield code="2">ZAQ 02</subfield>
  </datafield>
  <datafield tag="899" ind1=" " ind2=" ">
    <subfield code="a">Biblioteca del Convento di S. Chiara. L&apos;Aquila</subfield>
    <subfield code="1">AQ0045</subfield>
    <subfield code="2">ZAQ 01</subfield>
  </datafield>
  <datafield tag="899" ind1=" " ind2=" ">
    <subfield code="a">Biblioteca provinciale Salvatore Tommasi. Bazzano</subfield>
    <subfield code="1">AQ0047</subfield>
    <subfield code="2">ABR PR</subfield>
  </datafield>
  <datafield tag="899" ind1=" " ind2=" ">
    <subfield code="a">Biblioteca del Convento dei pp. cappuccini S. Francesco di Paola. Sulmona</subfield>
    <subfield code="1">AQ0110</subfield>
    <subfield code="2">ZAQ 12</subfield>
  </datafield>
  <datafield tag="899" ind1=" " ind2=" ">
    <subfield code="a">Biblioteca del comune e dell&apos;Accademia etrusca. Cortona</subfield>
    <subfield code="1">AR0034</subfield>
    <subfield code="2">RT1 QE</subfield>
  </datafield>
  <datafield tag="899" ind1=" " ind2=" ">
    <subfield code="a">Biblioteca comunale. Sansepolcro</subfield>
    <subfield code="1">AR0060</subfield>
    <subfield code="2">RT1 QS</subfield>
  </datafield>
  <datafield tag="899" ind1=" " ind2=" ">
    <subfield code="a">Biblioteca del Seminario vescovile. Asti</subfield>
    <subfield code="z">MUTILO</subfield>
    <subfield code="1">AT0005</subfield>
    <subfield code="2">TO0 45</subfield>
  </datafield>
  <datafield tag="899" ind1=" " ind2=" ">
    <subfield code="a">Biblioteca provinciale Scipione e Giulio Capone. Avellino</subfield>
    <subfield code="z">MUTILO</subfield>
    <subfield code="1">AV0007</subfield>
    <subfield code="2">NAP AV</subfield>
  </datafield>
  <datafield tag="899" ind1=" " ind2=" ">
    <subfield code="a">Biblioteca statale di Montevergine. Mercogliano</subfield>
    <subfield code="1">AV0045</subfield>
    <subfield code="2">NAP MV</subfield>
  </datafield>
  <datafield tag="899" ind1=" " ind2=" ">
    <subfield code="a">Biblioteca S. Maria delle Grazie. Avellino</subfield>
    <subfield code="1">AV0094</subfield>
    <subfield code="2">ZAV 08</subfield>
  </datafield>
  <datafield tag="899" ind1=" " ind2=" ">
    <subfield code="a">Biblioteca nazionale Sagarriga Visconti-Volpi. Bari</subfield>
    <subfield code="1">BA0018</subfield>
    <subfield code="2">BA1 BA</subfield>
  </datafield>
  <datafield tag="899" ind1=" " ind2=" ">
    <subfield code="a">Biblioteca pubblica arcivescovile Francesco Pacca. Benevento</subfield>
    <subfield code="1">BN0008</subfield>
    <subfield code="2">PBE 84</subfield>
  </datafield>
  <datafield tag="899" ind1=" " ind2=" ">
    <subfield code="a">Biblioteca provinciale Antonio Mellusi. Benevento</subfield>
    <subfield code="1">BN0015</subfield>
    <subfield code="2">NAP PB</subfield>
  </datafield>
  <datafield tag="899" ind1=" " ind2=" ">
    <subfield code="a">Biblioteca comunale dell&apos;Archiginnasio. Bologna</subfield>
    <subfield code="1">BO0304</subfield>
    <subfield code="2">UBO GA</subfield>
  </datafield>
  <datafield tag="899" ind1=" " ind2=" ">
    <subfield code="a">Biblioteca provinciale dei frati minori cappuccini. Bologna</subfield>
    <subfield code="1">BO0342</subfield>
    <subfield code="2">PBE 94</subfield>
  </datafield>
  <datafield tag="899" ind1=" " ind2=" ">
    <subfield code="a">Biblioteca provinciale dei frati minori cappuccini di Sardegna. Cagliari</subfield>
    <subfield code="1">CA0015</subfield>
    <subfield code="2">ZCA 02</subfield>
  </datafield>
  <datafield tag="899" ind1=" " ind2=" ">
    <subfield code="a">Biblioteca provinciale Angelo Camillo De Meis. Chieti</subfield>
    <subfield code="1">CH0020</subfield>
    <subfield code="2">ABR ME</subfield>
  </datafield>
  <datafield tag="899" ind1=" " ind2=" ">
    <subfield code="a">Biblioteca del Convento di S. Antonio. Lanciano</subfield>
    <subfield code="1">CH0055</subfield>
    <subfield code="2">PBE 79</subfield>
  </datafield>
  <datafield tag="899" ind1=" " ind2=" ">
    <subfield code="a">Biblioteca del Convento dei cappuccini. Incoronata di Vasto</subfield>
    <subfield code="1">CH0119</subfield>
    <subfield code="2">PBE H2</subfield>
  </datafield>
  <datafield tag="899" ind1=" " ind2=" ">
    <subfield code="a">Biblioteca comunale Pietro Mineo. Agira</subfield>
    <subfield code="1">EN0002</subfield>
    <subfield code="2">ZEN 02</subfield>
  </datafield>
  <datafield tag="899" ind1=" " ind2=" ">
    <subfield code="a">Pontificia Biblioteca Antoniana. Padova</subfield>
    <subfield code="z">MUTILO</subfield>
    <subfield code="1">EX0020</subfield>
    <subfield code="2">PUV 78</subfield>
  </datafield>
  <datafield tag="899" ind1=" " ind2=" ">
    <subfield code="a">Biblioteca comunale Ariostea. Ferrara</subfield>
    <subfield code="1">FE0017</subfield>
    <subfield code="2">UFE AR</subfield>
  </datafield>
  <datafield tag="899" ind1=" " ind2=" ">
    <subfield code="a">Biblioteca provinciale dei cappuccini. Foggia</subfield>
    <subfield code="1">FG0045</subfield>
    <subfield code="2">ZFG 09</subfield>
  </datafield>
  <datafield tag="899" ind1=" " ind2=" ">
    <subfield code="a">Biblioteca provinciale La Magna Capitana. Foggia</subfield>
    <subfield code="1">FG0046</subfield>
    <subfield code="2">FOG FG</subfield>
  </datafield>
  <datafield tag="899" ind1=" " ind2=" ">
    <subfield code="a">Biblioteca provinciale dei Cappuccini. Firenze</subfield>
    <subfield code="z">MUTILO</subfield>
    <subfield code="1">FI0041</subfield>
    <subfield code="2">RT1 PC</subfield>
  </datafield>
  <datafield tag="899" ind1=" " ind2=" ">
    <subfield code="a">Biblioteca statale del Monumento nazionale di Montecassino. Cassino</subfield>
    <subfield code="1">FR0084</subfield>
    <subfield code="2">RML 25</subfield>
  </datafield>
  <datafield tag="899" ind1=" " ind2=" ">
    <subfield code="a">Biblioteca civica Berio. Genova</subfield>
    <subfield code="1">GE0036</subfield>
    <subfield code="2">SGE BE</subfield>
  </datafield>
  <datafield tag="899" ind1=" " ind2=" ">
    <subfield code="a">Biblioteca universitaria. Genova</subfield>
    <subfield code="1">GE0038</subfield>
    <subfield code="2">LIG 01</subfield>
  </datafield>
  <datafield tag="899" ind1=" " ind2=" ">
    <subfield code="a">Biblioteca pubblica del Seminario teologico centrale. Gorizia</subfield>
    <subfield code="1">GO0020</subfield>
    <subfield code="2">ZGO 01</subfield>
  </datafield>
  <datafield tag="899" ind1=" " ind2=" ">
    <subfield code="a"></subfield>
    <subfield code="1">LE0132</subfield>
    <subfield code="2">LEK L9</subfield>
  </datafield>
  <datafield tag="899" ind1=" " ind2=" ">
    <subfield code="a">Biblioteca statale. Lucca</subfield>
    <subfield code="1">LU0022</subfield>
    <subfield code="2">LUA BL</subfield>
  </datafield>
  <datafield tag="899" ind1=" " ind2=" ">
    <subfield code="a">Biblioteca comunale Mozzi-Borgetti. Macerata</subfield>
    <subfield code="1">MC0049</subfield>
    <subfield code="2">UMC CM</subfield>
  </datafield>
  <datafield tag="899" ind1=" " ind2=" ">
    <subfield code="a">Biblioteca comunale Francesco Antolisei. San Severino Marche</subfield>
    <subfield code="z">MUTILO</subfield>
    <subfield code="1">MC0075</subfield>
    <subfield code="2">UMC FA</subfield>
  </datafield>
  <datafield tag="899" ind1=" " ind2=" ">
    <subfield code="a">Biblioteca regionale universitaria. Messina</subfield>
    <subfield code="1">ME0050</subfield>
    <subfield code="2">PAL BM</subfield>
  </datafield>
  <datafield tag="899" ind1=" " ind2=" ">
    <subfield code="a">Biblioteca provinciale dei frati minori cappuccini Madonna di Pompei. Messina</subfield>
    <subfield code="1">ME0179</subfield>
    <subfield code="2">MES FC</subfield>
  </datafield>
  <datafield tag="899" ind1=" " ind2=" ">
    <subfield code="a">Biblioteca francescano-cappuccina provinciale. Milano</subfield>
    <subfield code="1">MI0183</subfield>
    <subfield code="2">ZMI 51</subfield>
  </datafield>
  <datafield tag="899" ind1=" " ind2=" ">
    <subfield code="a">Biblioteca provinciale Tommaso Stigliani. Matera</subfield>
    <subfield code="1">MT0029</subfield>
    <subfield code="2">BAS 01</subfield>
  </datafield>
  <datafield tag="899" ind1=" " ind2=" ">
    <subfield code="a">Biblioteca diocesana di Tricarico. Tricarico</subfield>
    <subfield code="z">MUTILO</subfield>
    <subfield code="1">MT0069</subfield>
    <subfield code="2">PBE58</subfield>
  </datafield>
  <datafield tag="899" ind1=" " ind2=" ">
    <subfield code="a">Biblioteca comunale. Somma Vesuviana</subfield>
    <subfield code="1">NA0317</subfield>
    <subfield code="2">ZNA 41</subfield>
  </datafield>
  <datafield tag="899" ind1=" " ind2=" ">
    <subfield code="a">Biblioteca comunale Francesco Scavo. Carini</subfield>
    <subfield code="1">PA0021</subfield>
    <subfield code="2">PAL 49</subfield>
  </datafield>
  <datafield tag="899" ind1=" " ind2=" ">
    <subfield code="a">Biblioteca provinciale dei cappuccini. Palermo</subfield>
    <subfield code="1">PA0092</subfield>
    <subfield code="2">PAL 66</subfield>
  </datafield>
  <datafield tag="899" ind1=" " ind2=" ">
    <subfield code="a">Biblioteca comunale Lancia di Brolo. Polizzi Generosa</subfield>
    <subfield code="1">PA0178</subfield>
    <subfield code="2">PAL 57</subfield>
  </datafield>
  <datafield tag="899" ind1=" " ind2=" ">
    <subfield code="a">Biblioteca dei Padri cappuccini. Caccamo</subfield>
    <subfield code="1">PA0527</subfield>
    <subfield code="2">ZPA 06</subfield>
  </datafield>
  <datafield tag="899" ind1=" " ind2=" ">
    <subfield code="a">Biblioteca universitaria. Padova</subfield>
    <subfield code="1">PD0158</subfield>
    <subfield code="2">PUV 00</subfield>
  </datafield>
  <datafield tag="899" ind1=" " ind2=" ">
    <subfield code="a">Biblioteca del Convento dei frati minori. Penne</subfield>
    <subfield code="1">PE0016</subfield>
    <subfield code="2">ZPE 01</subfield>
  </datafield>
  <datafield tag="899" ind1=" " ind2=" ">
    <subfield code="a">Biblioteca comunale. Assisi</subfield>
    <subfield code="z">MUTILO</subfield>
    <subfield code="1">PG0001</subfield>
    <subfield code="2">UM1 10</subfield>
  </datafield>
  <datafield tag="899" ind1=" " ind2=" ">
    <subfield code="a">Biblioteca storico-francescana della Chiesa Nuova. Assisi</subfield>
    <subfield code="1">PG0004</subfield>
    <subfield code="2">ZPG 31</subfield>
  </datafield>
  <datafield tag="899" ind1=" " ind2=" ">
    <subfield code="a">Biblioteca comunale Tranquillo Graziani. Cascia</subfield>
    <subfield code="z">MUTILO</subfield>
    <subfield code="1">PG0023</subfield>
    <subfield code="2">UM1 13</subfield>
  </datafield>
  <datafield tag="899" ind1=" " ind2=" ">
    <subfield code="a">Biblioteca comunale Giosu ̈Carducci. Citt ̉di Castello</subfield>
    <subfield code="1">PG0032</subfield>
    <subfield code="2">UM1 05</subfield>
  </datafield>
  <datafield tag="899" ind1=" " ind2=" ">
    <subfield code="a">Biblioteca comunale Sperelliana. Gubbio</subfield>
    <subfield code="1">PG0049</subfield>
    <subfield code="2">UM1 11</subfield>
  </datafield>
  <datafield tag="899" ind1=" " ind2=" ">
    <subfield code="a">Biblioteca comunale. Montefalco</subfield>
    <subfield code="1">PG0058</subfield>
    <subfield code="2">UM1 17</subfield>
  </datafield>
  <datafield tag="899" ind1=" " ind2=" ">
    <subfield code="a">Biblioteca comunale Augusta. Perugia</subfield>
    <subfield code="1">PG0109</subfield>
    <subfield code="2">UM1 01</subfield>
  </datafield>
  <datafield tag="899" ind1=" " ind2=" ">
    <subfield code="a">Biblioteca Porziuncola. Assisi</subfield>
    <subfield code="1">PG0179</subfield>
    <subfield code="2">UM1 36</subfield>
  </datafield>
  <datafield tag="899" ind1=" " ind2=" ">
    <subfield code="a">Biblioteca Guarnacci. Volterra</subfield>
    <subfield code="1">PI0176</subfield>
    <subfield code="2">RT1 QV</subfield>
  </datafield>
  <datafield tag="899" ind1=" " ind2=" ">
    <subfield code="a">Biblioteca civica Benedetto Passionei. Fossombrone</subfield>
    <subfield code="1">PU0027</subfield>
    <subfield code="2">URB FS</subfield>
  </datafield>
  <datafield tag="899" ind1=" " ind2=" ">
    <subfield code="a">Biblioteca comunale Giuseppe Taroni. Bagnacavallo</subfield>
    <subfield code="1">RA0002</subfield>
    <subfield code="2">RAV BC</subfield>
  </datafield>
  <datafield tag="899" ind1=" " ind2=" ">
    <subfield code="a">Biblioteca comunale Manfrediana. Faenza</subfield>
    <subfield code="1">RA0016</subfield>
    <subfield code="2">RAV FA</subfield>
  </datafield>
  <datafield tag="899" ind1=" " ind2=" ">
    <subfield code="a">Biblioteca provinciale dei frati minori Cappuccini (in deposito presso la Biblioteca provinciale dei frati minori Cappuccini di Bologna). Reggio Emilia</subfield>
    <subfield code="1">RE0051</subfield>
    <subfield code="2">PBE 07</subfield>
  </datafield>
  <datafield tag="899" ind1=" " ind2=" ">
    <subfield code="a">Biblioteca comunale Giovanni Verga. Ragusa</subfield>
    <subfield code="1">RG0010</subfield>
    <subfield code="2">ZRG 04</subfield>
  </datafield>
  <datafield tag="899" ind1=" " ind2=" ">
    <subfield code="a">Biblioteca nazionale centrale. Roma</subfield>
    <subfield code="1">RM0267</subfield>
    <subfield code="2">BVE CR</subfield>
  </datafield>
  <datafield tag="899" ind1=" " ind2=" ">
    <subfield code="a">Biblioteca Casanatense. Roma</subfield>
    <subfield code="1">RM0313</subfield>
    <subfield code="2">RML 07</subfield>
  </datafield>
  <datafield tag="899" ind1=" " ind2=" ">
    <subfield code="a">Biblioteca centrale dei frati minori cappuccini. Roma</subfield>
    <subfield code="1">RM0315</subfield>
    <subfield code="2">ZRM 52</subfield>
  </datafield>
  <datafield tag="899" ind1=" " ind2=" ">
    <subfield code="a">Biblioteca statale del Monumento nazionale S. Scolastica. Subiaco</subfield>
    <subfield code="1">RM0602</subfield>
    <subfield code="2">BVE SU</subfield>
  </datafield>
  <datafield tag="899" ind1=" " ind2=" ">
    <subfield code="a">Biblioteca del Teresianum. Roma</subfield>
    <subfield code="1">RM0716</subfield>
    <subfield code="2">ZRM 46</subfield>
  </datafield>
  <datafield tag="899" ind1=" " ind2=" ">
    <subfield code="a">Biblioteca civica Gambalunghiana. Rimini</subfield>
    <subfield code="1">RN0013</subfield>
    <subfield code="2">RAV RI</subfield>
  </datafield>
  <datafield tag="899" ind1=" " ind2=" ">
    <subfield code="a">Biblioteca comunale Antonio Baldini. Santarcangelo di Romagna</subfield>
    <subfield code="1">RN0028</subfield>
    <subfield code="2">RAV ST</subfield>
  </datafield>
  <datafield tag="899" ind1=" " ind2=" ">
    <subfield code="a">Biblioteca del Convento dei Cappuccini di S. Felice. Cava dei Tirreni</subfield>
    <subfield code="1">SA0090</subfield>
    <subfield code="2">ZSA 03</subfield>
  </datafield>
  <datafield tag="899" ind1=" " ind2=" ">
    <subfield code="a">Biblioteca comunale Giuseppe Bianca. Avola</subfield>
    <subfield code="1">SR0003</subfield>
  </datafield>
  <datafield tag="899" ind1=" " ind2=" ">
    <subfield code="a">Biblioteca comunale Principe di Villadorata. Noto</subfield>
    <subfield code="1">SR0013</subfield>
  </datafield>
  <datafield tag="899" ind1=" " ind2=" ">
    <subfield code="a">Biblioteca universitaria. Sassari</subfield>
    <subfield code="1">SS0073</subfield>
    <subfield code="2">CAG US</subfield>
  </datafield>
  <datafield tag="899" ind1=" " ind2=" ">
    <subfield code="a">Biblioteca civica Anton Giulio Barrili. Savona</subfield>
    <subfield code="1">SV0038</subfield>
    <subfield code="2">LI3 SV</subfield>
  </datafield>
  <datafield tag="899" ind1=" " ind2=" ">
    <subfield code="a">Biblioteca civica. Atri</subfield>
    <subfield code="1">TE0003</subfield>
    <subfield code="2">ABR RB</subfield>
  </datafield>
  <datafield tag="899" ind1=" " ind2=" ">
    <subfield code="a">Biblioteca provinciale Melchiorre Delfico. Teramo</subfield>
    <subfield code="1">TE0024</subfield>
    <subfield code="2">ABR R1</subfield>
  </datafield>
  <datafield tag="899" ind1=" " ind2=" ">
    <subfield code="a">Biblioteca provinciale dei padri Cappuccini. Trento</subfield>
    <subfield code="1">TN0134</subfield>
    <subfield code="2">ZTN 02</subfield>
  </datafield>
  <datafield tag="899" ind1=" " ind2=" ">
    <subfield code="a">Biblioteca provinciale Frati minori cappuccini. Torino</subfield>
    <subfield code="1">TO0264</subfield>
    <subfield code="2">TO0 84</subfield>
  </datafield>
  <datafield tag="899" ind1=" " ind2=" ">
    <subfield code="a">Nuova biblioteca pubblica Luigi Fumi. Orvieto</subfield>
    <subfield code="1">TR0022</subfield>
    <subfield code="2">UM1 06</subfield>
  </datafield>
  <datafield tag="899" ind1=" " ind2=" ">
    <subfield code="a">Biblioteca comunale. Terni</subfield>
    <subfield code="1">TR0032</subfield>
    <subfield code="2">UM1 09</subfield>
  </datafield>
  <datafield tag="899" ind1=" " ind2=" ">
    <subfield code="a">Biblioteca comunale. Treviso</subfield>
    <subfield code="1">TV0114</subfield>
    <subfield code="2">VIA CT</subfield>
  </datafield>
  <datafield tag="899" ind1=" " ind2=" ">
    <subfield code="a">Biblioteca S. Francesco della Vigna. Venezia</subfield>
    <subfield code="1">VE0031</subfield>
    <subfield code="2">VIA SF</subfield>
  </datafield>
</record>
</collection>
